<?xml version="1.0" encoding="UTF-8"?><record xmlns="http://www.loc.gov/MARC21/slim" xmlns:cinclude="http://apache.org/cocoon/include/1.0" xmlns:zs="http://www.loc.gov/zing/srw/">
  <leader>00810cz  a2200181n  4500</leader>
  <controlfield tag="001">nb2012028380</controlfield>
  <controlfield tag="003">DLC</controlfield>
  <controlfield tag="005">20140316122640.0</controlfield>
  <controlfield tag="008">121129n| azannaabn          |n ana      </controlfield>
  <datafield tag="010" ind1=" " ind2=" ">
    <subfield code="a">nb2012028380</subfield>
  </datafield>
  <datafield tag="035" ind1=" " ind2=" ">
    <subfield code="a">(OCoLC)oca09357705</subfield>
  </datafield>
  <datafield tag="040" ind1=" " ind2=" ">
    <subfield code="a">Uk</subfield>
    <subfield code="b">eng</subfield>
    <subfield code="c">Uk</subfield>
    <subfield code="e">rda</subfield>
    <subfield code="d">Uk</subfield>
    <subfield code="d">WaU</subfield>
  </datafield>
  <datafield tag="151" ind1=" " ind2=" ">
    <subfield code="a">Gunnerton (England)</subfield>
  </datafield>
  <datafield tag="368" ind1=" " ind2=" ">
    <subfield code="b">Villages</subfield>
    <subfield code="2">lcsh</subfield>
  </datafield>
  <datafield tag="370" ind1=" " ind2=" ">
    <subfield code="c">Great Britain</subfield>
    <subfield code="c">England</subfield>
    <subfield code="f">Northumberland (England)</subfield>
    <subfield code="2">naf</subfield>
  </datafield>
  <datafield tag="670" ind1=" " ind2=" ">
    <subfield code="a">Barrasford &amp; Gunnerton historical village atlas, 2011:</subfield>
    <subfield code="b">t.p. (Gunnerton village, North Tynedale) contents page (Gunnerton village) introduction (village in North Tynedale, Northumberland)</subfield>
  </datafield>
  <datafield tag="670" ind1=" " ind2=" ">
    <subfield code="a">Wikipedia website, 29 November 2012</subfield>
    <subfield code="b">(village of Gunnerton near Hexham, Northumberland)</subfield>
  </datafield>
  <datafield tag="670" ind1=" " ind2=" ">
    <subfield code="a">Vision of Britain through time website, 29 November 2012</subfield>
    <subfield code="b">(Gunnerton village, Northumberland)</subfield>
  </datafield>
</record>